% Desc: All of my references in bibtex syntax.
% Auth: Nicklas Vraa.
@misc{minted,
	author = {Geoffrey Poore},
	title = {{G}it{H}ub - gpoore/minted: syntax highlighting using the {P}ygments library},
	howpublished = {\url{https://github.com/gpoore/minted}}
}

@misc{tabularray,
	author = {Lvjr},
	title = {GitHub - lvjr/tabularray: Typeset tabulars and arrays with LaTeX3 syntax},
	howpublished = {\url{https://github.com/lvjr/tabularray}}
}
